<?xml version="1.0" encoding="UTF-8"?><collection xmlns="http://www.loc.gov/MARC21/slim"><record><leader>00440nam--2200157-i-4500</leader><controlfield tag="001">000013499</controlfield><controlfield tag="002">20161230</controlfield><controlfield tag="005">20170122002708</controlfield><controlfield tag="008">060222s1000------------r-----000-0-eng-d</controlfield><datafield ind1=" " ind2=" " tag="080"><subfield code="a">517.9</subfield></datafield><datafield ind1=" " ind2=" " tag="100"><subfield code="a">Bitsadze, A. V</subfield></datafield><datafield ind1=" " ind2=" " tag="245"><subfield code="a">Equations of mathematical physics. Translated from the russian by V.M.Volosov and I.G.Volosova</subfield></datafield><datafield ind1=" " ind2=" " tag="260"><subfield code="a">Moscow</subfield><subfield code="b">Mir Publishers</subfield><subfield code="c">1980</subfield></datafield><datafield ind1=" " ind2=" " tag="300"><subfield code="a">318 p</subfield></datafield><datafield ind1=" " ind2=" " tag="852"><subfield code="a">48844</subfield></datafield><datafield ind1=" " ind2=" " tag="CAT"><subfield code="a">SYS</subfield><subfield code="c">20170122</subfield><subfield code="h">002708</subfield></datafield></record></collection>